<record><leader>00000cas a22000007a 4500</leader><controlfield tag="001">20841225</controlfield><controlfield tag="008">900103c19799999moudn ne      0    0eng d</controlfield><datafield ind1=" " ind2=" " tag="010"><subfield code="a">sn 89067672 </subfield></datafield><datafield ind1=" " ind2=" " tag="040"><subfield code="a">MQN</subfield><subfield code="b">eng</subfield><subfield code="c">MQN</subfield><subfield code="d">OCLCQ</subfield></datafield><datafield ind1=" " ind2=" " tag="042"><subfield code="a">msc</subfield></datafield><datafield ind1="0" ind2=" " tag="130"><subfield code="a">Daily news (Richmond, Mo.)</subfield></datafield><datafield ind1="1" ind2="4" tag="245"><subfield code="a">The daily news.</subfield></datafield><datafield ind1=" " ind2=" " tag="260"><subfield code="a">Richmond, Mo. :</subfield><subfield code="b">Howard Hill,</subfield><subfield code="c">1979-</subfield></datafield><datafield ind1=" " ind2=" " tag="300"><subfield code="a">v.</subfield></datafield><datafield ind1=" " ind2=" " tag="310"><subfield code="a">Daily (Mon.-Fri.)</subfield></datafield><datafield ind1="0" ind2=" " tag="362"><subfield code="a">Vol. 65, no. 248 (Oct. 22, 1979)-</subfield></datafield><datafield ind1=" " ind2="4" tag="651"><subfield code="a">Richmond (Mo.)</subfield><subfield code="v">Newspapers.</subfield></datafield><datafield ind1=" " ind2=" " tag="752"><subfield code="a">United States</subfield><subfield code="b">Missouri</subfield><subfield code="c">Ray</subfield><subfield code="d">Richmond.</subfield></datafield><datafield ind1="0" ind2="0" tag="780"><subfield code="t">Richmond news (Richmond, Mo.)</subfield><subfield code="w">(DLC)sn 89067671</subfield></datafield><datafield ind1="0" ind2="5" tag="780"><subfield code="t">Ray County conservator</subfield><subfield code="w">(DLC)sn 89067674</subfield></datafield><datafield ind1="0" ind2="5" tag="780"><subfield code="t">Ray County herald</subfield><subfield code="w">(DLC)sn 89067673</subfield></datafield><datafield ind1="1" ind2=" " tag="029"><subfield code="a">AU@</subfield><subfield code="b">000020604312</subfield></datafield></record>